@book{Cassels,
    author = {Cassels, J.W.S.},
    title = {Rational Quadratic Forms},
    series = {L.M.S. monographs},
    volume = {13},
    edition = {},
    publisher = {London Academic Press},
    year = {1978},
    pages = {1-66},
}

@misc{qf,
    author = {Ducas, L. and van Woerden, W.},
    title = {On the {L}attice {I}somorphism {P}roblem, Quadratic Forms, Remarkable Lattices, and Cryptography},
    howpublished = {Cryptology ePrint Archive, Paper 2021/1332},
    year = {2021},
    doi = {10.1007/978-3-031-07082-2_23},
    url = {https://eprint.iacr.org/2021/1332}
}

@article{lip,
    author = {Haviv, I. and Regev, O.},
    year = {2013},
    month = {11},
    pages = {},
    title = {On the {L}attice {I}somorphism {P}roblem},
    journal = {Proceedings of the Annual ACM-SIAM Symposium on Discrete Algorithms},
    doi = {10.1137/1.9781611973402.29}
}

@misc{hawk,
    author = {Ducas, L. and Postlethwaite, E.W. and Pulles, L.N. and van Woerden, W.},
    title = {{HAWK}: Module {LIP} makes Lattice Signatures Fast, Compact and Simple},
    howpublished = {Cryptology ePrint Archive, Paper 2022/1155},
    year = {2022},
    url = {https://eprint.iacr.org/2022/1155}
}

@misc{hardness_lwe,
    doi = {10.48550/ARXIV.1306.0281}, 
    url = {https://arxiv.org/abs/1306.0281},  
    author = {Brakerski, Z. and Langlois, A. and Peikert, C. and Regev, O. and Stehlé, D.},  
    title = {Classical Hardness of {L}earning with {E}rrors},
    publisher = {arXiv},
    year = {2013},
    copyright = {arXiv.org perpetual, non-exclusive license}
}

@article{trapdoor,
    author = {Gentry, C. and Peikert, C. and Vaikuntanathan, V.},
    year = {2008},
    month = {09},
    pages = {},
    title = {How to Use a Short Basis: Trapdoors for Hard Lattices and New Cryptographic Constructions},
    volume = {14},
    journal = {Electronic Colloquium on Computational Complexity (ECCC)}
}

@misc{pip,
    author = {Chevignard, C. and Fouque, P.A. and Mureau, G. and Pellet-Mary, A. and Wallet, A.},
    title = {A reduction from Hawk to the principal ideal problem in a quaternion algebra},
    howpublished = {Cryptology {ePrint} Archive, Paper 2024/1147},
    year = {2024},
    url = {https://eprint.iacr.org/2024/1147}
}

@misc{provable_hypercubic,
    author = {Bambury, H. and Nguyen, P.Q.},
    title = {Improved Provable Reduction of {NTRU} and Hypercubic Lattices},
    howpublished = {Cryptology {ePrint} Archive, Paper 2024/601},
    year = {2024},
    url = {https://eprint.iacr.org/2024/601}
}

@misc{provable_blocksize,
    author = {Ducas, L.},
    title = {Provable Lattice Reduction of $\mathbb{Z}^n$ with Blocksize $n/2$},
    howpublished = {Cryptology {ePrint} Archive, Paper 2023/447},
    year = {2023},
    url = {https://eprint.iacr.org/2023/447}
}

@misc{how_hard,
      author = {Bennett, H. and Ganju, A. and Peetathawatchai, P. and Stephens-Davidowitz, N.},
      title = {Just how hard are rotations of $\mathbb{Z}^n$? Algorithms and cryptography with the simplest lattice},
      howpublished = {Cryptology {ePrint} Archive, Paper 2021/1548},
      year = {2021},
      url = {https://eprint.iacr.org/2021/1548}
}

@misc{symp_aut,
      author = {Luo, H. and Jiang, K. and Pan, Y. and Wang, A.},
      title = {Cryptanalysis of Rank-2 Module-{LIP} with Symplectic Automorphisms},
      howpublished = {Cryptology {ePrint} Archive, Paper 2024/1173},
      year = {2024},
      url = {https://eprint.iacr.org/2024/1173}
}

@misc{trnf,
      author = {Mureau, G. and Pellet-Mary, A. and Pliatsok, H. and Wallet, A.},
      title = {Cryptanalysis of rank-2 module-{LIP} in Totally Real Number Fields},
      howpublished = {Cryptology {ePrint} Archive, Paper 2024/441},
      year = {2024},
      doi = {10.1007/978-3-031-58754-2_9},
      url = {https://eprint.iacr.org/2024/441}
}

@inproceedings{hypercubic_GGH,
  title={Hypercubic Lattice Reduction and Analysis of {GGH} and {NTRU} Signatures},
  booktitle={Advances in Cryptology - EUROCRYPT 2003, International Conference on the Theory and Applications of Cryptographic Techniques, Warsaw, Poland, May 4-8, 2003, Proceedings},
  series={Lecture Notes in Computer Science},
  publisher={Springer},
  volume={2656},
  pages={433-448},
  url={https://iacr.org/archive/eurocrypt2003/26560433/26560433.pdf},
  doi={10.1007/3-540-39200-9_27},
  author={Szydlo, M.},
  year=2003
}

@inproceedings{symp_lll,
  title={Symplectic Lattice Reduction and {NTRU}},
  booktitle={Advances in Cryptology - EUROCRYPT 2006, 25th Annual International Conference on the Theory and Applications of Cryptographic Techniques},
  series={Lecture Notes in Computer Science},
  publisher={Springer},
  volume={4004},
  pages={233-253},
  url={https://iacr.org/archive/eurocrypt2006/40040234/40040234.pdf},
  doi={10.1007/11761679_15},
  author={Gama, N. and Howgrave-Graham, N. and Nguyen, P.Q.},
  year=2006
}

@article{lattice_estimator,
    url = {https://doi.org/10.1515/jmc-2015-0016},
    title = {On the concrete hardness of Learning with Errors},
    author = {Albrecht, M.R. and Player, R. and Scott, S.},
    pages = {169--203},
    volume = {9},
    number = {3},
    journal = {Journal of Mathematical Cryptology},
    doi = {doi:10.1515/jmc-2015-0016},
    year = {2015},
    lastchecked = {2022-08-29}
}

@misc{cryptoeprint:2020/1237,
      author = {Li, J. and Nguyen, P.Q.},
      title = {A Complete Analysis of the {BKZ} Lattice Reduction Algorithm},
      howpublished = {Cryptology ePrint Archive, Paper 2020/1237},
      year = {2020},
      url = {https://eprint.iacr.org/2020/1237}
}

@INPROCEEDINGS{shor,
  author={Shor, P.W.},
  booktitle={Proceedings 35th Annual Symposium on Foundations of Computer Science},  
  title={Algorithms for quantum computation: discrete logarithms and factoring},   
  year={1994},  
  volume={},  
  number={},  
  pages={124-134},  
  doi={10.1109/SFCS.1994.365700}
}

@inproceedings{lwe,
    author = {Regev, O.},
    title = {On Lattices, Learning with Errors, Random Linear Codes, and Cryptography},
    year = {2005},
    isbn = {1581139608},
    publisher = {Association for Computing Machinery},
    address = {New York, NY, USA},
    url = {https://doi.org/10.1145/1060590.1060603},
    doi = {10.1145/1060590.1060603},
    booktitle = {Proceedings of the Thirty-Seventh Annual ACM Symposium on Theory of Computing},
    pages = {84–93},
    numpages = {10},
    keywords = {quantum computing, statistical queries, computational learning theory, cryptography, lattices, public key encryption},
    location = {Baltimore, MD, USA},
    series = {STOC '05}
}

@article{lll,
    author = {Lenstra, A. and Lenstra, H. and Lovász, L.},
    year = {1982},
    month = {12},
    pages = {},
    title = {Factoring Polynomials with Rational Coefficients},
    volume = {261},
    journal = {Mathematische Annalen},
    doi = {10.1007/BF01457454}
}

@InProceedings{bkz,
    author="Yasuda, M.",
    editor="Takagi, Tsuyoshi
    and Wakayama, Masato
    and Tanaka, Keisuke
    and Kunihiro, Noboru
    and Kimoto, Kazufumi
    and Ikematsu, Yasuhiko",
    title="A Survey of Solving {SVP} Algorithms and Recent Strategies for Solving the {SVP} Challenge",
    booktitle="International Symposium on Mathematics, Quantum Theory, and Cryptography",
    year="2021",
    publisher="Springer Singapore",
    address="Singapore",
    pages="189--207",
    isbn="978-981-15-5191-8"
}

@misc{ntruprime,
  author={Bernstein, D.J. and Brumley, B.B. and Chen, M.S. and Chuengsatiansup, C. and Lange, T. and Marotzke, A. and Peng, B.Y. and Tuveri, N. and van Vredendaal, C. and Yang, B.Y.},
  title={{NTRU Prime}},
  url={https://ntruprime.cr.yp.to},
  note={Accessed 1 January 2025}
}

@InProceedings{ntrusign,
    author="Hoffstein, J.
    and Howgrave-Graham, N.
    and Pipher, J.
    and Silverman, J. H.
    and Whyte, W.",
    editor="Joye, M.",
    title="{NTRUSign}: Digital Signatures Using the {NTRU} Lattice",
    booktitle="Topics in Cryptology --- CT-RSA 2003",
    year="2003",
    publisher="Springer Berlin Heidelberg",
    address="Berlin, Heidelberg",
    pages="122--140",
    isbn="978-3-540-36563-1"
}

@inproceedings{falcon,
  author    = {Fouque, P.A. and Hoffstein, J. and Kirchner, P. and Lyubashevsky, V. and Pornin, T. and Prest, T. and Ricosset, T. and Seiler, G. and Whyte, W. and Zhang, Z.},
  title     = {{Falcon: Fast-Fourier Lattice-base Compact Signatures over NTRU}},
  url = {https://falcon-sign.info/falcon.pdf},
  year      = {2020},
}

@misc{nist,
  author       = {{National Institute of Standards and Technology}},
  title        = {Post-Quantum Cryptography Standardization},
  year         = {2024},
  url          = {https://csrc.nist.gov/Projects/post-quantum-cryptography/post-quantum-cryptography-standardization},
  note         = {Accessed: 2024-12-20},
}

@misc{nistsig,
  author       = {{National Institute of Standards and Technology}},
  title        = {Post-Quantum Cryptography Digital Signature Round 1 Additional Signatures},
  year         = {2024},
  url          = {https://csrc.nist.gov/projects/pqc-dig-sig/round-1-additional-signatures},
  note         = {Accessed: 2024-12-20},
}

@ARTICLE{9712332,
  author={Stern, S. and Ling, C. and Fischer, R.F.H.},
  journal={IEEE Transactions on Information Theory}, 
  title={Algorithms and Bounds for Complex and Quaternionic Lattices With Application to {MIMO} Transmission}, 
  year={2022},
  volume={68},
  number={7},
  pages={4491-4517},
  keywords={Lattices;MIMO communication;Computational complexity;Time-frequency analysis;Quaternions;Quantization (signal);Numerical simulation;Lattices;lattice reduction;LLL algorithm;successive minima;Gaussian integers;Eisenstein integers;quaternions;Lipschitz integers;Hurwitz integers;MIMO;lattice-reduction-aided equalization;integer-forcing equalization},
  doi={10.1109/TIT.2022.3151061}}

